<?xml version="1.0" encoding="UTF-8"?><collection xmlns="http://www.loc.gov/MARC21/slim"><record><leader>00314nam--2200121-i-4500</leader><controlfield tag="001">000044161</controlfield><controlfield tag="002">20161230</controlfield><controlfield tag="005">20161230201044</controlfield><controlfield tag="008">060222s1000------------r-----000-0-eng-d</controlfield><datafield ind1=" " ind2=" " tag="100"><subfield code="a">Puiu, Petru</subfield></datafield><datafield ind1=" " ind2=" " tag="245"><subfield code="a">La quantification de l`espace et la theorie des quanta</subfield></datafield><datafield ind1=" " ind2=" " tag="260"><subfield code="a">Bucuresti, F.Gobl, 1940, 71p</subfield></datafield><datafield ind1=" " ind2=" " tag="852"><subfield code="a">3606</subfield></datafield></record></collection>